% Put you own bibliography entries in this file
@techreport{pPb_mbsptrk_trigger,
      title         = "{Transverse momentum, rapidity, and centrality dependence
                       of Charged Particle Production in $p$+Pb
                       $\sqrt{s_{\mathrm{NN}}}=5.02$ TeV collisions measured by
                       ATLAS experiment at the LHC}",
      institution   = "CERN",
      reportNumber  = "ATLAS-CONF-2013-107",
      address       = "Geneva",
      year          = "2013",
      url           = "https://cds.cern.ch/record/1624333",
      note          = "",
}

@article{jet_RAA,
    author = "{ATLAS Collaboration}",
    collaboration = "ATLAS",
    title = "{Measurement of the nuclear modification factor of $b$-jets in 5.02~TeV Pb+Pb collisions with the ATLAS detector}",
    eprint = "2204.13530",
    archivePrefix = "arXiv",
    primaryClass = "nucl-ex",
    reportNumber = "CERN-EP-2022-043",
    doi = "10.1140/epjc/s10052-023-11427-9",
    journal = "Eur. Phys. J. C",
    volume = "83",
    number = "5",
    pages = "438",
    year = "2023"
}

@article{W_boson,
    author = "{ATLAS Collaboration}",
    collaboration = "ATLAS",
    title = "{Measurement of $W^\pm $ boson production in Pb+Pb collisions at $\sqrt{s_{\mathrm{NN}}} = 5.02~\text{Te}\text{V}$ with the ATLAS detector}",
    eprint = "1907.10414",
    archivePrefix = "arXiv",
    primaryClass = "nucl-ex",
    reportNumber = "CERN-EP-2019-123",
    doi = "10.1140/epjc/s10052-019-7439-3",
    journal = "Eur. Phys. J. C",
    volume = "79",
    number = "11",
    pages = "935",
    year = "2019"
}

@article{Z_boson,
    author = "{ATLAS Collaboration}",
    collaboration = "ATLAS",
    title = "{$Z$ boson production in Pb+Pb collisions at $\sqrt{s_{\textrm{NN}}}$= 5.02 TeV measured by the ATLAS experiment}",
    eprint = "1910.13396",
    archivePrefix = "arXiv",
    primaryClass = "nucl-ex",
    reportNumber = "CERN-EP-2019-182",
    doi = "10.1016/j.physletb.2020.135262",
    journal = "Phys. Lett. B",
    volume = "802",
    pages = "135262",
    year = "2020"
}

@article{pPb_pilot,
    author = "{ATLAS Collaboration}",
    collaboration = "ATLAS",
    title = "{Transverse momentum, rapidity, and centrality dependence of inclusive charged-particle production in $\sqrt{s_{NN}}=5.02$ TeV $p$ + Pb collisions measured by the ATLAS experiment}",
    eprint = "1605.06436",
    archivePrefix = "arXiv",
    primaryClass = "hep-ex",
    reportNumber = "CERN-EP-2016-077",
    doi = "10.1016/j.physletb.2016.10.053",
    journal = "Phys. Lett. B",
    volume = "763",
    pages = "313--336",
    year = "2016"
}

@article{RAA_prediction,
   title={Predicting parton energy loss in small collision systems},
   volume={103},
   ISSN={2469-9993},
   url={http://dx.doi.org/10.1103/PhysRevC.103.054903},
   DOI={10.1103/physrevc.103.054903},
   number={5},
   journal={Physical Review C},
   publisher={American Physical Society (APS)},
   author={Huss, Alexander and Kurkela, Aleksi and Mazeliauskas, Aleksas and Paatelainen, Risto and van der Schee, Wilke and Wiedemann, Urs Achim},
   year={2021},
   month=may}

@article{RAA_prediction_6p8,
    author = "Gebhard, Jannis and Mazeliauskas, Aleksas and Takacs, Adam",
    title = "{No-quenching baseline for energy loss signals in oxygen-oxygen collisions}",
    eprint = "2410.22405",
    archivePrefix = "arXiv",
    primaryClass = "hep-ph",
    doi = "10.1007/JHEP04(2025)034",
    journal = "JHEP",
    volume = "04",
    pages = "034",
    year = "2025"
}

@article{chargedHadronATLAS,
    author = "{ATLAS Collaboration}",
    collaboration = "ATLAS",
    title = "{Charged-hadron production in $pp$, $p$+Pb, Pb+Pb, and Xe+Xe collisions at $\sqrt{s_{_\text{NN}}}=5$ TeV with the ATLAS detector at the LHC}",
    eprint = "2211.15257",
    archivePrefix = "arXiv",
    primaryClass = "hep-ex",
    reportNumber = "CERN-EP-2022-221",
    doi = "10.1007/JHEP07(2023)074",
    journal = "JHEP",
    volume = "07",
    pages = "074",
    year = "2023"
}

@article{chargedHadroninPP2010,
    author = "{ATLAS Collaboration}",
    collaboration = "ATLAS",
    title = "{Charged-particle multiplicities in pp interactions measured with the ATLAS detector at the LHC}",
    eprint = "1012.5104",
    archivePrefix = "arXiv",
    primaryClass = "hep-ex",
    reportNumber = "CERN-PH-EP-2010-079",
    doi = "10.1088/1367-2630/13/5/053033",
    journal = "New J. Phys.",
    volume = "13",
    pages = "053033",
    year = "2011"
}

@article{gapXS,
    author = "{ATLAS Collaboration}",
    collaboration = "ATLAS",
    title = "{Rapidity gap cross sections measured with the ATLAS detector in $pp$ collisions at $\sqrt{s}=7$ TeV}",
    eprint = "1201.2808",
    archivePrefix = "arXiv",
    primaryClass = "hep-ex",
    reportNumber = "CERN-PH-EP-2011-220",
    doi = "10.1140/epjc/s10052-012-1926-0",
    journal = "Eur. Phys. J. C",
    volume = "72",
    pages = "1926",
    year = "2012"
}

@misc{tightprimaryQuality_Twiki,
  author       = {{ATLAS Collaboration}},
  title        = {TWiki: Tracking CP Recs Run2R22},
  howpublished = {"https://twiki.cern.ch/twiki/bin/viewauth/AtlasProtected/TrackingCPRecsRun2R22\#Track\_Selection"},
  note         = {ATLAS Twiki, internal access only},
  year         = {2025}
}


@article{ATLAS:2016nnj,
    author = "{ATLAS Collaboration}",
    collaboration = "ATLAS",
    title = "{Reconstruction of primary vertices at the ATLAS experiment in Run 1 proton-proton collisions at the LHC}",
    eprint = "1611.10235",
    archivePrefix = "arXiv",
    primaryClass = "physics.ins-det",
    reportNumber = "CERN-EP-2016-150",
    doi = "10.1140/epjc/s10052-017-4887-5",
    journal = "Eur. Phys. J. C",
    volume = "77",
    number = "5",
    pages = "332",
    year = "2017"
}



@article{annurev:/content/journals/10.1146/annurev-nucl-102419-060007,
   author = "d&apos;Enterria, David and Loizides, Constantin",
   title = "Progress in the Glauber Model at Collider Energies", 
   journal= "Annual Review of Nuclear and Particle Science",
   year = "2021",
   volume = "71",
   number = "Volume 71, 2021",
   pages = "315-344",
   doi = "https://doi.org/10.1146/annurev-nucl-102419-060007",
   url = "https://www.annualreviews.org/content/journals/10.1146/annurev-nucl-102419-060007",
   publisher = "Annual Reviews",
   issn = "1545-4134",
   type = "Journal Article",
   keywords = "Glauber model",
   keywords = "inclusive hadronic cross sections",
   keywords = "centrality determination",
   keywords = "hadronic collisions",
   keywords = "Monte Carlo event generators",
  }

@article{DEVRIES1987495,
title = {Nuclear charge-density-distribution parameters from elastic electron scattering},
journal = {Atomic Data and Nuclear Data Tables},
volume = {36},
number = {3},
pages = {495-536},
year = {1987},
issn = {0092-640X},
doi = {https://doi.org/10.1016/0092-640X(87)90013-1},
url = {https://www.sciencedirect.com/science/article/pii/0092640X87900131},
author = {H. {De Vries} and C.W. {De Jager} and C. {De Vries}},
}

@article{PhysRevC.97.054910,
  title = {Improved Monte Carlo Glauber predictions at present and future nuclear colliders},
  author = {Loizides, Constantin and Kamin, Jason and d'Enterria, David},
  journal = {Phys. Rev. C},
  volume = {97},
  issue = {5},
  pages = {054910},
  numpages = {23},
  year = {2018},
  publisher = {American Physical Society},
  doi = {10.1103/PhysRevC.97.054910},
  url = {https://link.aps.org/doi/10.1103/PhysRevC.97.054910}
}

@misc{alver2008phobosglaubermontecarlo,
      title={The PHOBOS Glauber Monte Carlo}, 
      author={B. Alver and M. Baker and C. Loizides and P. Steinberg},
      year={2008},
      eprint={0805.4411},
      archivePrefix={arXiv},
      primaryClass={nucl-ex},
      url={https://arxiv.org/abs/0805.4411}, 
}

@url{transmutation_lpc,
    url= {https://indico.cern.ch/event/1550567/#7-transmutation-in-the-oxygen}
}

@url{pt_reach_projection_1,
    url = {https://indico.cern.ch/event/1507961/contributions/6349587/attachments/3005033/5296753/Corr_n_Fluc_OO_v0.pdf}
}

@url{star_roo_qm25,
    url={https://indico.cern.ch/event/1334113/contributions/6369532/attachments/3047367/5384963/250408_QuarkMatter.pdf}
}

@article{ATLAS:2015hkr,
    author = "{ATLAS Collaboration}",
    collaboration = "ATLAS",
    title = "{Measurement of the centrality dependence of the charged-particle pseudorapidity distribution in proton{\textendash}lead collisions at $\sqrt{s_{_\text {NN}}} = 5.02$  TeV with the ATLAS detector}",
    eprint = "1508.00848",
    archivePrefix = "arXiv",
    primaryClass = "hep-ex",
    reportNumber = "CERN-PH-EP-2015-160",
    doi = "10.1140/epjc/s10052-016-4002-3",
    journal = "Eur. Phys. J. C",
    volume = "76",
    number = "4",
    pages = "199",
    year = "2016"
}

@article{Ciesielski:2012mc,
    author = "Ciesielski, Robert and Goulianos, Konstantin",
    editor = "Limosani, Antonio",
    title = "{MBR Monte Carlo Simulation in PYTHIA8}",
    eprint = "1205.1446",
    archivePrefix = "arXiv",
    primaryClass = "hep-ph",
    doi = "10.22323/1.174.0301",
    journal = "PoS",
    volume = "ICHEP2012",
    pages = "301",
    year = "2013"
}